<record><leader>00000cas a22000007a 4500</leader><controlfield tag="001">37329895</controlfield><controlfield tag="008">970721d19011921okuwr n       0    0eng d</controlfield><datafield ind1=" " ind2=" " tag="010"><subfield code="a">sn 97070115 </subfield></datafield><datafield ind1=" " ind2=" " tag="040"><subfield code="a">OBN</subfield><subfield code="b">eng</subfield><subfield code="c">OBN</subfield><subfield code="d">OCLCQ</subfield><subfield code="d">OCLCO</subfield></datafield><datafield ind1="1" ind2=" " tag="029"><subfield code="a">AU@</subfield><subfield code="b">000013409345</subfield></datafield><datafield ind1=" " ind2=" " tag="042"><subfield code="a">msc</subfield></datafield><datafield ind1=" " ind2=" " tag="043"><subfield code="a">n-us-ok</subfield></datafield><datafield ind1="0" ind2=" " tag="130"><subfield code="a">Week's review (Apache, Okla. : 1901)</subfield></datafield><datafield ind1="1" ind2="4" tag="245"><subfield code="a">The week's review.</subfield></datafield><datafield ind1=" " ind2=" " tag="260"><subfield code="a">Apache, O.T. [Okla.] :</subfield><subfield code="b">F.E. Royer</subfield></datafield><datafield ind1=" " ind2=" " tag="300"><subfield code="a">v.</subfield></datafield><datafield ind1=" " ind2=" " tag="310"><subfield code="a">Weekly</subfield></datafield><datafield ind1="0" ind2=" " tag="362"><subfield code="a">-v. 20, no. 20 (Jan. 7, 1921).</subfield></datafield><datafield ind1="1" ind2=" " tag="362"><subfield code="a">Began Sept. 13, 1901.</subfield></datafield><datafield ind1=" " ind2=" " tag="588"><subfield code="a">Description based on: Vol. 1, no. 23 (Feb. 14, 1902).</subfield></datafield><datafield ind1=" " ind2="0" tag="651"><subfield code="a">Apache (Okla.)</subfield><subfield code="v">Newspapers.</subfield></datafield><datafield ind1=" " ind2="0" tag="651"><subfield code="a">Caddo County (Okla.)</subfield><subfield code="v">Newspapers.</subfield></datafield><datafield ind1=" " ind2="0" tag="651"><subfield code="a">Oklahoma Territory (Okla.)</subfield><subfield code="v">Newspapers.</subfield></datafield><datafield ind1=" " ind2=" " tag="752"><subfield code="a">United States</subfield><subfield code="b">Oklahoma</subfield><subfield code="c">Caddo</subfield><subfield code="d">Apache.</subfield></datafield><datafield ind1="0" ind2="0" tag="785"><subfield code="t">Apache review (Apache, Okla. : 1921)</subfield><subfield code="w">(DLC)sn 97070116</subfield><subfield code="w">(OCoLC)37329936</subfield></datafield></record>